<?xml version="1.0" encoding="UTF-8"?>
<record xmlns="http://www.loc.gov/MARC21/slim">
   <leader>02342cam a2200385 a 4500</leader>
   <controlfield tag="001">316518</controlfield>
   <controlfield tag="003">NjP</controlfield>
   <controlfield tag="005">20190705140135.0</controlfield>
   <controlfield tag="008">860714s1937    mr a          000 0 ara d</controlfield>
   <datafield tag="024" ind1="7" ind2=" ">
      <subfield code="a">princeton_aco004689</subfield>
      <subfield code="2">local</subfield>
   </datafield>
   <datafield ind1=" " ind2=" " tag="035">
      <subfield code="a">(CStRLIN)NJPG86-B28329</subfield>
   </datafield>
   <datafield ind1=" " ind2=" " tag="035">
      <subfield code="9">ABP1821TS</subfield>
   </datafield>
   <datafield ind1=" " ind2=" " tag="035">
      <subfield code="a">(NjP)316518</subfield>
   </datafield>
   <datafield ind1=" " ind2=" " tag="040">
      <subfield code="a">NjP</subfield>
      <subfield code="c">PUL</subfield>
      <subfield code="d">PUL</subfield>
   </datafield>
   <datafield ind1=" " ind2=" " tag="049">
      <subfield code="a">PULL</subfield>
   </datafield>
   <datafield ind1=" " ind2=" " tag="035">
      <subfield code="a">(OCoLC)ocm43407949</subfield>
   </datafield>
   <datafield ind1="1" ind2=" " tag="100">
      <subfield code="6">880-01</subfield>
      <subfield code="a">Osman, Mohamed.</subfield>
   </datafield>
   <datafield ind1="1" ind2="3" tag="245">
      <subfield code="6">880-02</subfield>
      <subfield code="a">al-Jāmiʻah al-Yūsufīyah bi-Marrākush fī tisʻmiʼat sanah :</subfield>
      <subfield code="b">allafahu ka-tārīkh li-nashʼat al-dirāsah fī al-Kullīyah al-Yūsufīyah mundhu ʻahdihā al-taʼsīsī wa-abrazahu ka-dhikrá tārīkhīyah li-taʼsīs ramz al-fakhāmah Marrākush al-Ḥamrāʼ /</subfield>
      <subfield code="c">bi-qalam Muḥammad ʻUthmān al-Marrākushī.</subfield>
   </datafield>
   <datafield ind1=" " ind2=" " tag="260">
      <subfield code="6">880-03</subfield>
      <subfield code="a">al-Ribāṭ :</subfield>
      <subfield code="b">al-Maṭbaʻah al-Istiṣādīyah,</subfield>
      <subfield code="c">1937.</subfield>
   </datafield>
   <datafield ind1=" " ind2=" " tag="300">
      <subfield code="a">285 p. :</subfield>
      <subfield code="b">ill. ;</subfield>
      <subfield code="c">25 cm.</subfield>
   </datafield>
   <datafield ind1=" " ind2=" " tag="500">
      <subfield code="6">880-04</subfield>
      <subfield code="a">Cover title: al-Awwal min al-Jāmiʻah al-Yūsufīyah bi-Marrākush fī tusʻumiʼat sanah.</subfield>
   </datafield>
   <datafield ind1=" " ind2=" " tag="500">
      <subfield code="a">Title on added t.p.: L'histoire de l'Université el-Youssoufia de Marrakech.</subfield>
   </datafield>
   <datafield ind1="2" ind2="0" tag="610">
      <subfield code="6">880-05</subfield>
      <subfield code="a">Jāmiʻah al-Yūsufīyah (Marrakech, Morocco)</subfield>
      <subfield code="0">http://id.loc.gov/authorities/names/no2004019330</subfield>
   </datafield>
   <datafield ind1="0" ind2=" " tag="740">
      <subfield code="a">Histoire de l'Université el Youssoufia de Marrakech.</subfield>
   </datafield>
   <datafield ind1="0" ind2=" " tag="740">
      <subfield code="6">880-06</subfield>
      <subfield code="a">Awwal min al-Jāmiʻah al-Yūsufīyah bi-Marrākush.</subfield>
   </datafield>
   <datafield ind1="1" ind2=" " tag="880">
      <subfield code="6">100-01/r</subfield>
      <subfield code="a">سمن، مهمد.</subfield>
   </datafield>
   <datafield ind1="1" ind2="2" tag="880">
      <subfield code="6">245-02/r</subfield>
      <subfield code="a">الجامعة اليوسفية بمراكش في تسعمائة سنة :</subfield>
      <subfield code="b">الفه كتاريخ لنشأت الدراسة في الكلية اليوسفية منذ عهدها التأسيسي وابرزه كذكرى تاريخية لتأسيس رمز الفخامة مراكش الحمراء /</subfield>
      <subfield code="c">بقلم محمد عثمان المراكشي.</subfield>
   </datafield>
   <datafield ind1=" " ind2=" " tag="880">
      <subfield code="6">260-03/r</subfield>
      <subfield code="a">الرباط :</subfield>
      <subfield code="b">المطبعة الاستصادية،</subfield>
      <subfield code="c">1937.</subfield>
   </datafield>
   <datafield ind1=" " ind2=" " tag="880">
      <subfield code="6">500-04/r</subfield>
      <subfield code="a">Cover title: الاول من الجامعة اليوسفية بمراكش في تسعمائة سنة.</subfield>
   </datafield>
   <datafield ind1="2" ind2="0" tag="880">
      <subfield code="6">610-05/r</subfield>
      <subfield code="a">جامعة اليوسفية (مركخ، مرغب)</subfield>
   </datafield>
   <datafield ind1="0" ind2=" " tag="880">
      <subfield code="6">740-06/r</subfield>
      <subfield code="a">اول من الجامعة اليوسفية بمراكش.</subfield>
   </datafield>
   <datafield ind1=" " ind2=" " tag="998">
      <subfield code="a">04/02/93</subfield>
      <subfield code="s">9118</subfield>
      <subfield code="n">NjP</subfield>
      <subfield code="w">NJPG86B28329</subfield>
      <subfield code="d">07/14/86</subfield>
      <subfield code="c">DGH</subfield>
      <subfield code="b">MWC</subfield>
      <subfield code="i">930402</subfield>
      <subfield code="l">NJPG</subfield>
   </datafield>
   <datafield ind1=" " ind2=" " tag="911">
      <subfield code="a">19930408</subfield>
   </datafield>
   <datafield ind1=" " ind2=" " tag="912">
      <subfield code="a">19930402000000.0</subfield>
   </datafield>
   <datafield ind1=" " ind2=" " tag="994">
      <subfield code="a">C0</subfield>
      <subfield code="b">PUL</subfield>
   </datafield>
   <datafield ind1=" " ind2=" " tag="999">
      <subfield code="a">316518</subfield>
   </datafield>
   <datafield ind1=" " ind2=" " tag="979">
      <subfield code="a">(OCoLC)ocn175689626</subfield>
   </datafield>
   <datafield ind1="0" ind2="0" tag="852">
      <subfield code="0">346238</subfield>
      <subfield code="b">rcppa</subfield>
      <subfield code="t">1</subfield>
      <subfield code="h">LG631.M39</subfield>
      <subfield code="i">U73</subfield>
      <subfield code="x">tr fr arab</subfield>
   </datafield>
   <datafield ind1=" " ind2=" " tag="959">
      <subfield code="a">2000-06-13 00:00:00 -0500</subfield>
   </datafield>
</record>
